[gd_scene load_steps=6 format=2]

[ext_resource path="res://kerno/fenestroj/tipo_d1.tscn" type="PackedScene" id=1]
[ext_resource path="res://blokoj/objektoj/skriptoj/konservejo.gd" type="Script" id=2]
[ext_resource path="res://kerno/menuo/resursoj/icons/tab2a.png" type="Texture2D" id=3]
[ext_resource path="res://kerno/menuo/resursoj/icons/tab3a.png" type="Texture2D" id=4]
[ext_resource path="res://kerno/menuo/resursoj/icons/tab1a.png" type="Texture2D" id=5]

[node name="konsevejo" instance=ExtResource( 1 )]
script = ExtResource( 2 )

[node name="VBox" parent="." index="0"]
visible = false
offset_right = 695.0
offset_bottom = 400.0

[node name="HBox_top" parent="VBox" index="0"]
offset_right = 695.0

[node name="top_texture2" parent="VBox/HBox_top" index="1"]
offset_right = 695.0

[node name="HBox_buttons" parent="VBox/HBox_top/top_texture2" index="0"]
anchor_left = -3.22258e-12
anchor_right = 1.0
offset_right = 1.0

[node name="menuo_name" parent="VBox/HBox_top/top_texture2/HBox_buttons" index="0"]
offset_right = 627.0
text = "Имущество"

[node name="Button_fix" parent="VBox/HBox_top/top_texture2/HBox_buttons" index="1"]
visible = false

[node name="Button_" parent="VBox/HBox_top/top_texture2/HBox_buttons" index="2"]
visible = false

[node name="Button_min" parent="VBox/HBox_top/top_texture2/HBox_buttons" index="3"]
offset_left = 631.0
offset_right = 651.0

[node name="Button_full" parent="VBox/HBox_top/top_texture2/HBox_buttons" index="4"]
visible = false

[node name="Button_x" parent="VBox/HBox_top/top_texture2/HBox_buttons" index="5"]
offset_left = 655.0
offset_right = 674.0

[node name="body_texture" parent="VBox" index="1"]
offset_right = 695.0
offset_bottom = 378.0

[node name="HSplit" parent="VBox/body_texture" index="1"]
anchor_left = -1.4782e-07
anchor_top = 0.0100214
anchor_bottom = 1.01002
offset_left = 11.0001
offset_top = 7.43237
offset_right = -9.99994
offset_bottom = -4.56763
theme_override_constants/autohide = 0
split_offset = 1

[node name="VBoxContainer" type="VBoxContainer" parent="VBox/body_texture/HSplit" index="0"]
offset_right = 445.0
offset_bottom = 344.0
size_flags_horizontal = 3

[node name="HBoxContainer" type="HBoxContainer" parent="VBox/body_texture/HSplit/VBoxContainer" index="0"]
offset_right = 445.0
alignment = 2

[node name="Label" type="Label" parent="VBox/body_texture/HSplit/VBoxContainer/HBoxContainer" index="0"]
visible = false
offset_left = 235.0
offset_top = 3.0
offset_right = 300.0
offset_bottom = 20.0
size_flags_horizontal = 9
text = "Фильтр:"

[node name="Button" type="Button" parent="VBox/body_texture/HSplit/VBoxContainer/HBoxContainer" index="1"]
visible = false
offset_left = 304.0
offset_right = 334.0
offset_bottom = 23.0
custom_minimum_size = Vector2( 30, 0 )
icon = ExtResource( 5 )
flat = true
align = 2
expand_icon = true
__meta__ = {
"_edit_use_anchors_": false
}

[node name="Button2" type="Button" parent="VBox/body_texture/HSplit/VBoxContainer/HBoxContainer" index="2"]
visible = false
offset_left = 338.0
offset_right = 368.0
offset_bottom = 23.0
custom_minimum_size = Vector2( 30, 0 )
icon = ExtResource( 3 )
flat = true
align = 2
expand_icon = true
__meta__ = {
"_edit_use_anchors_": false
}

[node name="Button3" type="Button" parent="VBox/body_texture/HSplit/VBoxContainer/HBoxContainer" index="3"]
visible = false
offset_left = 372.0
offset_right = 402.0
offset_bottom = 23.0
custom_minimum_size = Vector2( 30, 0 )
icon = ExtResource( 4 )
flat = true
align = 2
expand_icon = true
__meta__ = {
"_edit_use_anchors_": false
}

[node name="Button4" type="Button" parent="VBox/body_texture/HSplit/VBoxContainer/HBoxContainer" index="4"]
visible = false
offset_left = 406.0
offset_right = 445.0
offset_bottom = 23.0
size_flags_horizontal = 9
text = "Всё"
flat = true
align = 2
expand_icon = true
__meta__ = {
"_edit_use_anchors_": false
}

[node name="Tree" type="Tree" parent="VBox/body_texture/HSplit/VBoxContainer" index="1"]
offset_top = 4.0
offset_right = 445.0
offset_bottom = 343.0
size_flags_horizontal = 3
size_flags_vertical = 3
allow_reselect = true
allow_rmb_select = true

[node name="VBoxContainer2" type="VBoxContainer" parent="VBox/body_texture/HSplit" index="1"]
offset_left = 457.0
offset_right = 674.0
offset_bottom = 344.0

[node name="HBoxContainer" type="HBoxContainer" parent="VBox/body_texture/HSplit/VBoxContainer2" index="0"]
offset_right = 217.0
offset_bottom = 23.0

[node name="toStacio" type="Button" parent="VBox/body_texture/HSplit/VBoxContainer2/HBoxContainer" index="0"]
offset_right = 217.0
offset_bottom = 23.0
text = "переместить на станцию"

[node name="Table" type="Tree" parent="VBox/body_texture/HSplit/VBoxContainer2" index="1"]
offset_top = 27.0
offset_right = 217.0
offset_bottom = 322.0
size_flags_horizontal = 3
size_flags_vertical = 3
allow_reselect = true
select_mode = 1

[node name="HBoxContainer2" type="HBoxContainer" parent="VBox/body_texture/HSplit/VBoxContainer2" index="2"]
offset_top = 326.0
offset_right = 217.0
offset_bottom = 343.0

[node name="Label_all" type="Label" parent="VBox/body_texture/HSplit/VBoxContainer2/HBoxContainer2" index="0"]
offset_right = 104.0
offset_bottom = 17.0
text = "Всего места:"

[node name="all" type="Label" parent="VBox/body_texture/HSplit/VBoxContainer2/HBoxContainer2" index="1"]
offset_left = 108.0
offset_right = 108.0
offset_bottom = 17.0

[node name="Label_free" type="Label" parent="VBox/body_texture/HSplit/VBoxContainer2/HBoxContainer2" index="2"]
offset_left = 112.0
offset_right = 199.0
offset_bottom = 17.0
text = "     Занято:"

[node name="free" type="Label" parent="VBox/body_texture/HSplit/VBoxContainer2/HBoxContainer2" index="3"]
offset_left = 203.0
offset_right = 203.0
offset_bottom = 17.0

[node name="HBox_bottom" parent="VBox" index="2"]
offset_top = 378.0
offset_right = 695.0
offset_bottom = 400.0

[node name="bottom_texture1" parent="VBox/HBox_bottom" index="0"]
offset_right = 673.0

[node name="bottom_texture2" parent="VBox/HBox_bottom" index="1"]
offset_left = 673.0
offset_right = 695.0

[connection signal="focus_entered" from="." to="." method="_on_tipo_a1_focus_entered"]
[connection signal="gui_input" from="." to="." method="_on_tipo_a1_gui_input"]
[connection signal="mouse_entered" from="." to="." method="_on_tipo_a1_mouse_entered"]
[connection signal="script_changed" from="." to="." method="_on_fenestroj_script_changed"]
[connection signal="size_flags_changed" from="." to="." method="_on_tipo_a1_size_flags_changed"]
[connection signal="focus_entered" from="VBox" to="." method="_on_VBox_focus_entered"]
[connection signal="mouse_entered" from="VBox" to="." method="_on_VBox_mouse_entered"]
[connection signal="cell_selected" from="VBox/body_texture/HSplit/VBoxContainer/Tree" to="." method="_on_Tree_cell_selected"]
[connection signal="focus_entered" from="VBox/body_texture/HSplit/VBoxContainer/Tree" to="." method="_on_Tree_focus_entered"]
[connection signal="pressed" from="VBox/body_texture/HSplit/VBoxContainer2/HBoxContainer/toStacio" to="." method="_on_toStacio_pressed"]
[connection signal="focus_entered" from="VBox/body_texture/HSplit/VBoxContainer2/Table" to="." method="_on_Table_focus_entered"]
[connection signal="focus_entered" from="VBox/body_texture/HSplit/VBoxContainer2/HBoxContainer2" to="." method="_on_HBoxContainer2_focus_entered"]
